<?xml version="1.0" encoding="UTF-8"?><collection xmlns="http://www.loc.gov/MARC21/slim"><record><leader>00404nam--2200145-i-4500</leader><controlfield tag="001">000030148</controlfield><controlfield tag="002">20161230</controlfield><controlfield tag="005">20161230201038</controlfield><controlfield tag="008">060222s1000------------r-----000-0-eng-d</controlfield><datafield ind1=" " ind2=" " tag="080"><subfield code="a">516.8:62-52</subfield></datafield><datafield ind1=" " ind2=" " tag="100"><subfield code="a">Luenberger, David G</subfield></datafield><datafield ind1=" " ind2=" " tag="245"><subfield code="a">Optimization by vector space methods</subfield></datafield><datafield ind1=" " ind2=" " tag="260"><subfield code="a">New York, John Wiley &amp; Sons, Inc., 1969, Xvii + 326p</subfield></datafield><datafield ind1=" " ind2=" " tag="490"><subfield code="a">Series In Decision And Control</subfield></datafield><datafield ind1=" " ind2=" " tag="852"><subfield code="a">32907</subfield></datafield></record></collection>